/home/elio/Documents/Papers/onda3-QSvsZW.bib