@Manual{R-base,
  title = {R: A Language and Environment for Statistical Computing},
  author = {{R Core Team}},
  organization = {R Foundation for Statistical Computing},
  address = {Vienna, Austria},
  year = {2018},
  url = {https://www.R-project.org/},
}
@Manual{R-data.table,
  title = {data.table: Extension of `data.frame`},
  author = {Matt Dowle and Arun Srinivasan},
  year = {2018},
  note = {R package version 1.11.9},
  url = {http://r-datatable.com},
}
@Manual{R-metR,
  title = {metR: Tools for Easier Analysis of Meteorological Fields},
  author = {Elio Campitelli},
  year = {2018},
  note = {R package version 0.2.9000},
  url = {https://github.com/eliocamp/metR},
}
